<?xml version="1.0" encoding="UTF-8"?><collection xmlns="http://www.loc.gov/MARC21/slim"><record><leader>00425nam--2200157-i-4500</leader><controlfield tag="001">000003485</controlfield><controlfield tag="002">20161230</controlfield><controlfield tag="005">20170110233226</controlfield><controlfield tag="008">060222s1000------------r-----000-0-eng-d</controlfield><datafield ind1=" " ind2=" " tag="100"><subfield code="a">Charabat, E</subfield></datafield><datafield ind1=" " ind2=" " tag="245"><subfield code="a">Les huiles essentielles et leurs principaux constituants. Preface de M.E.Grimaux</subfield></datafield><datafield ind1=" " ind2=" " tag="260"><subfield code="a">Paris</subfield><subfield code="b">Beranger</subfield><subfield code="c">1899</subfield></datafield><datafield ind1=" " ind2=" " tag="300"><subfield code="a">XII + 1002 p</subfield></datafield><datafield ind1=" " ind2=" " tag="700"><subfield code="a">Pillet, L</subfield></datafield><datafield ind1=" " ind2=" " tag="852"><subfield code="a">969</subfield></datafield><datafield ind1=" " ind2=" " tag="CAT"><subfield code="a">SYS</subfield><subfield code="c">20170110</subfield><subfield code="h">233226</subfield></datafield></record></collection>